@FOOTNOTE{Note1,key="Note1",note="All theory in this project adapted from FYS3150 Project 2 (Fall 2016) $\protect \href  {https://github.com/CompPhysics/ComputationalPhysics/tree/master/doc/Projects/2016/Project2}{<link>}$"}
@FOOTNOTE{Note2,key="Note2",note="See M.H. Jensen, Computational Physics: Lecture Notes Fall 2015, ch. 7.3, available at $\protect \href  {https://github.com/CompPhysics/ComputationalPhysics/blob/master/doc/Lectures/lectures2015.pdf}{<link2>}$"}
@CONTROL{REVTEX41Control}
@CONTROL{apsrev41Control,author="08",editor="1",pages="0",title="",year="1"}
